@inproceedings{kazemi2014one,
  title={One millisecond face alignment with an ensemble of regression trees},
  author={Kazemi, Vahid and Sullivan, Josephine},
  booktitle={Proceedings of the IEEE Conference on Computer Vision and Pattern Recognition},
  pages={1867--1874},
  year={2014}
}

@inproceedings{dalal2005histograms,
  title={Histograms of oriented gradients for human detection},
  author={Dalal, Navneet and Triggs, Bill},
  booktitle={2005 IEEE Computer Society Conference on Computer Vision and Pattern Recognition (CVPR'05)},
  volume={1},
  pages={886--893},
  year={2005},
  organization={IEEE}
}

@article{belhumeur1997eigenfaces,
  title={Eigenfaces vs. fisherfaces: Recognition using class specific linear projection},
  author={Belhumeur, Peter N. and Hespanha, Jo{\~a}o P and Kriegman, David J.},
  journal={IEEE Transactions on pattern analysis and machine intelligence},
  volume={19},
  number={7},
  pages={711--720},
  year={1997},
  publisher={IEEE}
}

@article{ahonen2006face,
  title={Face description with local binary patterns: Application to face recognition},
  author={Ahonen, Timo and Hadid, Abdenour and Pietikainen, Matti},
  journal={IEEE transactions on pattern analysis and machine intelligence},
  volume={28},
  number={12},
  pages={2037--2041},
  year={2006},
  publisher={IEEE}
}

@manual{face, 
  title={Face Recognition with OpenCV}, 
  note={\url{http://docs.opencv.org/2.4/modules/contrib/doc/facerec/facerec_tutorial.html}}, 
  journal={OpenCV 2.4.13.0 documentation}
}

@manual{gender,
  title={Gender Classification with OpenCV},
  note={\url{http://docs.opencv.org/2.4/modules/contrib/doc/facerec/tutorial/facerec_gender_classification.html}},
  journal={OpenCV 2.4.13.0 documentation}
} 
